@InProceedings{Caron_2018_ECCV,
author = {Caron, Mathilde and Bojanowski, Piotr and Joulin, Armand and Douze, Matthijs},
title = {Deep Clustering for Unsupervised Learning of Visual Features},
booktitle = {Proceedings of the European Conference on Computer Vision (ECCV)},
month = {September},
year = {2018}
}

@misc{niu2021spice,
      title={SPICE: Semantic Pseudo-labeling for Image Clustering}, 
      author={Chuang Niu and Ge Wang},
      year={2021},
      eprint={2103.09382},
      archivePrefix={arXiv},
      primaryClass={cs.CV}
}

@online{knuthwebsite,
    author    = "Donald Knuth",
    title     = "Knuth: Computers and Typesetting",
    url       = "http://www-cs-faculty.stanford.edu/~uno/abcde.html",
    keywords  = "latex,knuth",
    urldate = {2013-05-16},
}

@inbook{knuth-fa,
   author = "Donald E. Knuth",
   title = "Fundamental Algorithms",
   publisher = "Addison-Wesley",
   year = "1973",
   chapter = "1.2",
   keywords  = "knuth,programming"
}

@book{knuth-acp,
   author = "Donald E. Knuth",
   publisher = "Addison-Wesley",
   title = "The Art of Computer Programming",
   series = "Four volumes",
   year = "1968",
   note = "Seven volumes planned",
   keywords  = "knuth,programming"
}

@article{ctan,
    author  = "George D. Greenwade",
    title   = "The {C}omprehensive {T}ex {A}rchive {N}etwork ({CTAN})",
    year    = "1993",
    journal = "TUGBoat",
    volume  = "14",
    number  = "3",
    pages   = "342--351",
    keywords  = "latex"
}

@inproceedings{
    chirkova18,
    author = {Nadezhda Chirkova and Ekaterina Lobacheva and Dmitry Vetrov},
    title = {Bayesian Compression for Natural Language Processing},
    booktitle = "Proceedings of the Conference on Empirical Methods in Natural Language Processing (EMNLP)",
    year = "2018"
}

@article{
    chirkova18_arxiv,
    author = {Nadezhda Chirkova and Ekaterina Lobacheva and Dmitry Vetrov},
    title = {Bayesian Compression for Natural Language Processing},
    booktitle = "Proceedings of the Conference on Empirical Methods in Natural Language Processing (EMNLP)",
    journal={arXiv preprint, arXiv:1810.10927, version 2},
    year = "2018"
}
